@ARTICLE{1983PhRvD..28.2455B,
       author = {{Blagojevi{\'c}}, M. and {Nikoli{\'c}}, I.~A.},
        title = "{Hamiltonian dynamics of Poincar{\'e} gauge theory: General structure in the time gauge}",
      journal = {\prd},
         year = "1983",
        month = "Nov",
       volume = {28},
       number = {10},
        pages = {2455-2463},
          doi = {10.1103/PhysRevD.28.2455},
       adsurl = {https://ui.adsabs.harvard.edu/abs/1983PhRvD..28.2455B},
      adsnote = {Provided by the SAO/NASA Astrophysics Data System}
}

@ARTICLE{1987PhRvD..35.3748B,
       author = {{Blagojevi{\'c}}, M. and {Vasili{\'c}}, M.},
        title = "{Extra gauge symmetries in a weak-field approximation of an R+T$^{2}$+R$^{2}$ theory of gravity}",
      journal = {\prd},
     keywords = {04.50.+h, Gravity in more than four dimensions Kaluza-Klein theory unified field theories, alternative theories of gravity},
         year = "1987",
        month = "Jun",
       volume = {35},
       number = {12},
        pages = {3748-3759},
          doi = {10.1103/PhysRevD.35.3748},
       adsurl = {https://ui.adsabs.harvard.edu/abs/1987PhRvD..35.3748B},
      adsnote = {Provided by the SAO/NASA Astrophysics Data System}
}

@ARTICLE{1980PhRvD..21.3269S,
       author = {{Sezgin}, E. and {van Nieuwenhuizen}, P.},
        title = "{New ghost-free gravity Lagrangians with propagating torsion}",
      journal = {\prd},
         year = "1980",
        month = "Jun",
       volume = {21},
       number = {12},
        pages = {3269-3280},
          doi = {10.1103/PhysRevD.21.3269},
       adsurl = {https://ui.adsabs.harvard.edu/abs/1980PhRvD..21.3269S},
      adsnote = {Provided by the SAO/NASA Astrophysics Data System}
}

@ARTICLE{1999IJMPD...8..459Y,
       author = {{Yo}, Hwei-Jang and {Nester}, James M.},
        title = "{Hamiltonian Analysis of POINCAR{\'E} Gauge Theory Scalar Modes}",
      journal = {International Journal of Modern Physics D},
     keywords = {General Relativity and Quantum Cosmology},
         year = "1999",
        month = "Jan",
       volume = {8},
       number = {4},
        pages = {459-479},
          doi = {10.1142/S021827189900033X},
archivePrefix = {arXiv},
       eprint = {gr-qc/9902032},
 primaryClass = {gr-qc},
       adsurl = {https://ui.adsabs.harvard.edu/abs/1999IJMPD...8..459Y},
      adsnote = {Provided by the SAO/NASA Astrophysics Data System}
}

@ARTICLE{2002IJMPD..11..747Y,
       author = {{Yo}, Hwei-Jang and {Nester}, James M. and {Ni}, W.~T.},
        title = "{Hamiltonian Analysis of Poincar{\'e} Gauge Theory}",
      journal = {International Journal of Modern Physics D},
     keywords = {04.20.Fy, 04.50+h, Canonical formalism Lagrangians and variational principles, General Relativity and Quantum Cosmology},
         year = "2002",
        month = "Jan",
       volume = {11},
       number = {5},
        pages = {747-779},
          doi = {10.1142/S0218271802001998},
archivePrefix = {arXiv},
       eprint = {gr-qc/0112030},
 primaryClass = {gr-qc},
       adsurl = {https://ui.adsabs.harvard.edu/abs/2002IJMPD..11..747Y},
      adsnote = {Provided by the SAO/NASA Astrophysics Data System}
}

@INPROCEEDINGS{2014JPhCS.484a2011B,
       author = {{Butcher}, L.~M.},
        title = "{Localizing the energy and momentum of linear gravity}",
    booktitle = {Journal of Physics Conference Series},
         year = "2014",
       volume = {484},
        month = "Mar",
          eid = {012011},
        pages = {012011},
          doi = {10.1088/1742-6596/484/1/012011},
       adsurl = {https://ui.adsabs.harvard.edu/abs/2014JPhCS.484a2011B},
      adsnote = {Provided by the SAO/NASA Astrophysics Data System}
}

@ARTICLE{2012PhRvD..86h4012B,
       author = {{Butcher}, Luke M. and {Lasenby}, Anthony and {Hobson}, Michael},
        title = "{Localizing the angular momentum of linear gravity}",
      journal = {\prd},
     keywords = {04.20.Cv, 04.30.-w, Fundamental problems and general formalism, Gravitational waves: theory, General Relativity and Quantum Cosmology, Astrophysics - Cosmology and Extragalactic Astrophysics},
         year = "2012",
        month = "Oct",
       volume = {86},
       number = {8},
          eid = {084012},
        pages = {084012},
          doi = {10.1103/PhysRevD.86.084012},
archivePrefix = {arXiv},
       eprint = {1210.0831},
 primaryClass = {gr-qc},
       adsurl = {https://ui.adsabs.harvard.edu/abs/2012PhRvD..86h4012B},
      adsnote = {Provided by the SAO/NASA Astrophysics Data System}
}

@ARTICLE{2012PhRvD..86h4013B,
       author = {{Butcher}, Luke M. and {Hobson}, Michael and {Lasenby}, Anthony},
        title = "{Localized energetics of linear gravity: Theoretical development}",
      journal = {\prd},
     keywords = {04.20.Cv, 04.20.Fy, Fundamental problems and general formalism, Canonical formalism Lagrangians and variational principles, General Relativity and Quantum Cosmology, Astrophysics - Cosmology and Extragalactic Astrophysics},
         year = "2012",
        month = "Oct",
       volume = {86},
       number = {8},
          eid = {084013},
        pages = {084013},
          doi = {10.1103/PhysRevD.86.084013},
archivePrefix = {arXiv},
       eprint = {1210.0837},
 primaryClass = {gr-qc},
       adsurl = {https://ui.adsabs.harvard.edu/abs/2012PhRvD..86h4013B},
      adsnote = {Provided by the SAO/NASA Astrophysics Data System}
}

@ARTICLE{1998RSPTA.356..487L,
       author = {{Lasenby}, A. and {Doran}, C. and {Gull}, S.},
        title = "{Gravity, gauge theories and geometric algebra}",
      journal = {Philosophical Transactions of the Royal Society of London Series A},
     keywords = {General Relativity and Quantum Cosmology, Astrophysics},
         year = "1998",
        month = "Mar",
       volume = {356},
       number = {1737},
        pages = {487},
          doi = {10.1098/rsta.1998.0178},
archivePrefix = {arXiv},
       eprint = {gr-qc/0405033},
 primaryClass = {gr-qc},
       adsurl = {https://ui.adsabs.harvard.edu/abs/1998RSPTA.356..487L},
      adsnote = {Provided by the SAO/NASA Astrophysics Data System}
}

@UNPUBLISHED{lg,
       author = {{Barker}, W.~E.~V.},
        title = "{Linear gravity and energetics -- nine-month report}",
	year = "2018",
	note = "{Cavendish internal report}"
}

@UNPUBLISHED{poster,
       author = {{Barker}, W.~E.~V.},
        title = "{Habitable tordion worlds}",
	year = "2019",
	note = "{Strings Gravity and Cosmology Student Conference}"
}

@UNPUBLISHED{fmr,
       author = {{Barker}, W.~E.~V.},
        title = "{Friday meeting report}",
	year = "2019",
	note = "{Kavli internal report}"
}

@UNPUBLISHED{paper-2,
       author = {{Barker}, W.~E.~V. and {Lasenby}, A.~N. and {Hobson}, M.~P. and {Handley}, W.~J.},
        title = "{Cosmologically valid gauge gravities: a systematic approach}",
	year = "2019",
	note = "{In preparation}"
}

@UNPUBLISHED{dictionary,
       author = {{Barker}, W.~E.~V. and {Lasenby}, A.~N. and {Hobson}, M.~P. and {Handley}, W.~J.},
        title = "{Gauge theories of gravity: a dictionary}",
	year = "2019",
	note = "{In preparation}"
}

@UNPUBLISHED{sem,
       author = {{Barker}, W.~E.~V. and {Lasenby}, A.~N. and {Hobson}, M.~P. and {Handley}, W.~J.},
        title = "{Linear gravity from lightlike sources}",
	year = "2018",
	note = "{Battcock seminar}"
}

@ARTICLE{2019JMP....60e2504B,
       author = {{Barker}, W.~E.~V. and {Lasenby}, A.~N. and {Hobson}, M.~P. and {Handley}, W.~J.},
        title = "{Static energetics in gravity}",
      journal = {Journal of Mathematical Physics},
     keywords = {General Relativity and Quantum Cosmology},
         year = "2019",
        month = "May",
       volume = {60},
       number = {5},
          eid = {052504},
        pages = {052504},
          doi = {10.1063/1.5082730},
archivePrefix = {arXiv},
       eprint = {1811.09844},
 primaryClass = {gr-qc},
       adsurl = {https://ui.adsabs.harvard.edu/abs/2019JMP....60e2504B},
      adsnote = {Provided by the SAO/NASA Astrophysics Data System}
}



@ARTICLE{2008CQGra..25x5016B,
       author = {{Brechet}, S.~D. and {Hobson}, M.~P. and {Lasenby}, A.~N.},
        title = "{Classical big-bounce cosmology: dynamical analysis of a homogeneous and irrotational Weyssenhoff fluid}",
      journal = {Classical and Quantum Gravity},
     keywords = {General Relativity and Quantum Cosmology, Astrophysics},
         year = "2008",
        month = "Dec",
       volume = {25},
       number = {24},
          eid = {245016},
        pages = {245016},
          doi = {10.1088/0264-9381/25/24/245016},
archivePrefix = {arXiv},
       eprint = {0807.2523},
 primaryClass = {gr-qc},
       adsurl = {https://ui.adsabs.harvard.edu/abs/2008CQGra..25x5016B},
      adsnote = {Provided by the SAO/NASA Astrophysics Data System}
}

@ARTICLE{1979PhLA...75...27T,
       author = {{Tsamparlis}, Michael},
        title = "{Cosmological principle and torsion}",
      journal = {Physics Letters A},
         year = "1979",
        month = "Dec",
       volume = {75},
       number = {1-2},
        pages = {27-28},
          doi = {10.1016/0375-9601(79)90265-2},
       adsurl = {https://ui.adsabs.harvard.edu/abs/1979PhLA...75...27T},
      adsnote = {Provided by the SAO/NASA Astrophysics Data System}
}

@ARTICLE{2006gr.qc.....1089B,
       author = {{Boehmer}, Christian G. and {Bronowski}, Piotr},
        title = "{The homogeneous and isotropic Weyssenhoff fluid}",
      journal = {arXiv e-prints},
     keywords = {General Relativity and Quantum Cosmology},
         year = "2006",
        month = "Jan",
          eid = {gr-qc/0601089},
        pages = {gr-qc/0601089},
archivePrefix = {arXiv},
       eprint = {gr-qc/0601089},
 primaryClass = {gr-qc},
       adsurl = {https://ui.adsabs.harvard.edu/abs/2006gr.qc.....1089B},
      adsnote = {Provided by the SAO/NASA Astrophysics Data System}
}

@ARTICLE{2019PhRvD..99f4001L,
       author = {{Lin}, Yun-Cherng and {Hobson}, Michael P. and {Lasenby}, Anthony N.},
        title = "{Ghost and tachyon free Poincar{\'e} gauge theories: A systematic approach}",
      journal = {\prd},
     keywords = {General Relativity and Quantum Cosmology, High Energy Physics - Theory},
         year = "2019",
        month = "Mar",
       volume = {99},
       number = {6},
          eid = {064001},
        pages = {064001},
          doi = {10.1103/PhysRevD.99.064001},
archivePrefix = {arXiv},
       eprint = {1812.02675},
 primaryClass = {gr-qc},
       adsurl = {https://ui.adsabs.harvard.edu/abs/2019PhRvD..99f4001L},
      adsnote = {Provided by the SAO/NASA Astrophysics Data System}
}

@article{Lin2,
  title = {Ghost and tachyon free Poincar\'e gauge theories: A systematic approach v2},
  author = {Lin, Yun-Cherng and Hobson, Michael P. and Lasenby, Anthony N.},
  year = {2019},
  month = {Mar},
  note = {Manuscript in preparation}
}

@article{combined_gravity,
      author =       {A Lasenby},
          title =        {Combining Quadratic Lagrangians with Einstein Gravity -- a Gauge Theory Gravity Approach to Scale Invariance},
			      year =         {2018},
			      note = {unpublished},
}

@article{ewgt_conformal,
      author =       {A Lasenby},
          title =        {eWGT in Geometric Algebra, With Applications to The Conformal Group},
			      year =         {2018},
			      note = {unpublished},
}

@article{lasenby-doran-heineke-2005,
        author         = {Lasenby, Anthony and Doran, Chris J. L. and Heineke,
	                        Reece},
				      title          = {{Analytic solutions to Riemann-squared gravity with
					                        background isotropic torsion}},
				            year           = {2005},
					          eprint         = {gr-qc/0509014},
						        archivePrefix  = {arXiv},
							      primaryClass   = {gr-qc},
							            SLACcitation   = {%%CITATION = GR-QC/0509014;%%}
}


@ARTICLE{lasenby-hobson-2016,
     author = {{Lasenby}, A.~N. and {Hobson}, M.~P.},
         title = {{Scale-invariant gauge theories of gravity: Theoretical foundations}},
	   journal = {Journal of Mathematical Physics},
	   archivePrefix = {arXiv},
	      eprint = {1510.06699},
	       primaryClass = {gr-qc},
	            year = 2016,
		        month = sep,
			   volume = 57,
			      number = 9,
			            eid = {092505},
				        pages = {092505},
					      doi = {10.1063/1.4963143},
					         adsurl = {http://adsabs.harvard.edu/abs/2016JMP\ldots.57i2505L},
						   adsnote = {Provided by the SAO/NASA Astrophysics Data System}
}

@ARTICLE{brown-1993,
     author = {{Brown}, J.~D.},
         title = {{Action functionals for relativistic perfect fluids}},
	   journal = {Classical and Quantum Gravity},
	      eprint = {gr-qc/9304026},
	           year = 1993,
		       month = aug,
		          volume = 10,
			      pages = {1579-1606},
			            doi = {10.1088/0264-9381/10/8/017},
				       adsurl = {http://adsabs.harvard.edu/abs/1993CQGra..10.1579B},
				         adsnote = {Provided by the SAO/NASA Astrophysics Data System}
}

@BOOK{doran-lasenby,
         author = {{Doran}, Chris and {Lasenby}, Anthony},
	         title = {{Geometric Algebra for Physicists}},
		     booktitle = {Geometric Algebra for Physicists, by Chris Doran , Anthony Lasenby,
		               Cambridge, UK: Cambridge University Press, 2007},
		              year = 2007,
			             adsurl = {https://ui.adsabs.harvard.edu/#abs/2007gap..book\ldots..D},
				           adsnote = {Provided by the SAO/NASA Astrophysics Data System}
}


@ARTICLE{faroni-2009,
     author = {{Faraoni}, V.},
         title = {{Lagrangian description of perfect fluids and modified gravity with an extra force}},
	   journal = {phys-rev-d},
	   archivePrefix = {arXiv},
	      eprint = {0912.1249},
	       primaryClass = {astro-ph.GA},
	        keywords = {Fundamental problems and general formalism, Dark matter},
		     year = 2009,
		         month = dec,
			    volume = 80,
			       number = 12,
			             eid = {124040},
				         pages = {124040},
					       doi = {10.1103/PhysRevD.80.124040},
					          adsurl = {http://adsabs.harvard.edu/abs/2009PhRvD..80l4040F},
						    adsnote = {Provided by the SAO/NASA Astrophysics Data System}
}

@ARTICLE{bertolami-lobo-paramos-2008,
         author = {{Bertolami}, Orfeu and {Lobo}, Francisco S.~N. and {P{\'a}ramos}, Jorge},
	         title = {{Nonminimal coupling of perfect fluids to curvature}},
		       journal = {phys-rev-d},
		            keywords = {04.20.Fy, Canonical formalism Lagrangians and variational principles,
			              General Relativity and Quantum Cosmology, Astrophysics, High
					        Energy Physics - Theory},
			             year = 2008,
				             month = Sep,
					            volume = {78},
						              eid = {064036},
							              pages = {064036},
								                doi = {10.1103/PhysRevD.78.064036},
										archivePrefix = {arXiv},
										       eprint = {0806.4434},
										        primaryClass = {gr-qc},
											       adsurl = {https://ui.adsabs.harvard.edu/#abs/2008PhRvD..78f4036B},
											             adsnote = {Provided by the SAO/NASA Astrophysics Data System}
}

@ARTICLE{bertolami-harko-lobo-paramos-2008,
         author = {{Bertolami}, Orfeu and {Harko}, Tiberiu and {Lobo}, Francisco S.~N. and
	           {P{\'a}ramos}, Jorge},
	         title = {{Non-minimal curvature-matter couplings in modified gravity}},
		       journal = {ArXiv e-prints},
		            keywords = {General Relativity and Quantum Cosmology},
			             year = 2008,
				             month = Nov,
					               eid = {arXiv:0811.2876},
						               pages = {arXiv:0811.2876},
							       archivePrefix = {arXiv},
							              eprint = {0811.2876},
								       primaryClass = {gr-qc},
								              adsurl = {https://ui.adsabs.harvard.edu/#abs/2008arXiv0811.2876B},
									            adsnote = {Provided by the SAO/NASA Astrophysics Data System}
}

Query Results from the ADS Database


Retrieved 1 abstracts, starting with number 1.  Total number selected: 1.

@ARTICLE{brown-1993,
     author = {{Brown}, J.~D.},
         title = {{Action functionals for relativistic perfect fluids}},
	   journal = {Classical and Quantum Gravity},
	      eprint = {gr-qc/9304026},
	           year = 1993,
		       month = aug,
		          volume = 10,
			      pages = {1579-1606},
			            doi = {10.1088/0264-9381/10/8/017},
				       adsurl = {http://adsabs.harvard.edu/abs/1993CQGra..10.1579B},
				         adsnote = {Provided by the SAO/NASA Astrophysics Data System}
}

###########

@ARTICLE{1972PhLA...39..219K,
       author = {{Kopczy{\'n}ski}, W.},
        title = "{A non-singular universe with torsion}",
      journal = {Physics Letters A},
         year = "1972",
        month = "May",
       volume = {39},
       number = {3},
        pages = {219-220},
          doi = {10.1016/0375-9601(72)90714-1},
       adsurl = {https://ui.adsabs.harvard.edu/abs/1972PhLA...39..219K},
      adsnote = {Provided by the SAO/NASA Astrophysics Data System}
}

@ARTICLE{1980PhLA...80..232M,
       author = {{Minkevich}, A.~V.},
        title = "{Generalised cosmological friedmann equations without gravitational singularity}",
      journal = {Physics Letters A},
         year = "1980",
        month = "Dec",
       volume = {80},
       number = {4},
        pages = {232-234},
          doi = {10.1016/0375-9601(80)90008-0},
       adsurl = {https://ui.adsabs.harvard.edu/abs/1980PhLA...80..232M},
      adsnote = {Provided by the SAO/NASA Astrophysics Data System}
}

@ARTICLE{1984CQGra...1..651G,
       author = {{Goenner}, H. and {Mueller-Hoissen}, F.},
        title = "{Spatially homogeneous and isotropic spaces in theories of gravitation with torsion}",
      journal = {Classical and Quantum Gravity},
     keywords = {Cosmology, Gauge Theory, Gravitation Theory, Torsion, Computational Astrophysics, Curvature, Differential Equations, Singularity (Mathematics), Physics (General)},
         year = "1984",
        month = "Nov",
       volume = {1},
       number = {6},
        pages = {651-672},
          doi = {10.1088/0264-9381/1/6/010},
       adsurl = {https://ui.adsabs.harvard.edu/abs/1984CQGra...1..651G},
      adsnote = {Provided by the SAO/NASA Astrophysics Data System}
}

@ARTICLE{2000CQGra..17.3045M,
       author = {{Minkevich}, A.~V. and {Garkun}, A.~S.},
        title = "{Homogeneous isotropic models in the metric-affine gauge theory of gravity}",
      journal = {Classical and Quantum Gravity},
         year = "2000",
        month = "Aug",
       volume = {17},
       number = {15},
        pages = {3045-3054},
          doi = {10.1088/0264-9381/17/15/312},
       adsurl = {https://ui.adsabs.harvard.edu/abs/2000CQGra..17.3045M},
      adsnote = {Provided by the SAO/NASA Astrophysics Data System}
}

@ARTICLE{2003gr.qc....10060M,
       author = {{Minkevich}, A.~V. and {Garkun}, A.~S. and {Vasilevski}, Yu. G.},
        title = "{Scalar fields superdense gravitating systems}",
      journal = {arXiv e-prints},
     keywords = {General Relativity and Quantum Cosmology},
         year = "2003",
        month = "Oct",
          eid = {gr-qc/0310060},
        pages = {gr-qc/0310060},
archivePrefix = {arXiv},
       eprint = {gr-qc/0310060},
 primaryClass = {gr-qc},
       adsurl = {https://ui.adsabs.harvard.edu/abs/2003gr.qc....10060M},
      adsnote = {Provided by the SAO/NASA Astrophysics Data System}
}

@ARTICLE{2007AcPPB..38...61M,
       author = {{Minkevich}, A.~V.},
        title = "{On Gravitational Repulsion Effect at Extreme Conditions in Gauge Theories of Gravity}",
      journal = {Acta Physica Polonica B},
     keywords = {General Relativity and Quantum Cosmology},
         year = "2007",
        month = "Jan",
       volume = {38},
       number = {1},
        pages = {61},
archivePrefix = {arXiv},
       eprint = {gr-qc/0512123},
 primaryClass = {gr-qc},
       adsurl = {https://ui.adsabs.harvard.edu/abs/2007AcPPB..38...61M},
      adsnote = {Provided by the SAO/NASA Astrophysics Data System}
}

@ARTICLE{2006CQGra..23.4237M,
       author = {{Minkevich}, A.~V. and {Garkun}, A.~S.},
        title = "{Analysis of inflationary cosmological models in gauge theories of gravitation}",
      journal = {Classical and Quantum Gravity},
     keywords = {General Relativity and Quantum Cosmology},
         year = "2006",
        month = "Jun",
       volume = {23},
       number = {12},
        pages = {4237-4247},
          doi = {10.1088/0264-9381/23/12/018},
archivePrefix = {arXiv},
       eprint = {gr-qc/0512130},
 primaryClass = {gr-qc},
       adsurl = {https://ui.adsabs.harvard.edu/abs/2006CQGra..23.4237M},
      adsnote = {Provided by the SAO/NASA Astrophysics Data System}
}

@ARTICLE{2007CQGra..24.5835M,
       author = {{Minkevich}, A.~V. and {Garkun}, A.~S. and {Kudin}, V.~I.},
        title = "{Regular accelerating universe without dark energy in Poincar{\'e} gauge theory of gravity}",
      journal = {Classical and Quantum Gravity},
     keywords = {General Relativity and Quantum Cosmology},
         year = "2007",
        month = "Dec",
       volume = {24},
       number = {23},
        pages = {5835-5847},
          doi = {10.1088/0264-9381/24/23/007},
archivePrefix = {arXiv},
       eprint = {0706.1157},
 primaryClass = {gr-qc},
       adsurl = {https://ui.adsabs.harvard.edu/abs/2007CQGra..24.5835M},
      adsnote = {Provided by the SAO/NASA Astrophysics Data System}
}

@ARTICLE{2009PhLB..678..423M,
       author = {{Minkevich}, A.~V.},
        title = "{Accelerating Universe with spacetime torsion but without dark matter and dark energy}",
      journal = {Physics Letters B},
     keywords = {98.80.Jk, 95.35.+d, 95.36.+x, Mathematical and relativistic aspects of cosmology, Dark matter, Dark energy, General Relativity and Quantum Cosmology},
         year = "2009",
        month = "Aug",
       volume = {678},
       number = {5},
        pages = {423-426},
          doi = {10.1016/j.physletb.2009.06.050},
archivePrefix = {arXiv},
       eprint = {0902.2860},
 primaryClass = {gr-qc},
       adsurl = {https://ui.adsabs.harvard.edu/abs/2009PhLB..678..423M},
      adsnote = {Provided by the SAO/NASA Astrophysics Data System}
}

@ARTICLE{2011arXiv1107.1566G,
       author = {{Garkun}, A.~S. and {Kudin}, V.~I. and {Minkevich}, A.~V. and
         {Vasilevsky}, Yu. G.},
        title = "{Numerical analysis of cosmological models for accelerating Universe in Poincare gauge theory of gravity}",
      journal = {arXiv e-prints},
     keywords = {General Relativity and Quantum Cosmology},
         year = "2011",
        month = "Jul",
          eid = {arXiv:1107.1566},
        pages = {arXiv:1107.1566},
archivePrefix = {arXiv},
       eprint = {1107.1566},
 primaryClass = {gr-qc},
       adsurl = {https://ui.adsabs.harvard.edu/abs/2011arXiv1107.1566G},
      adsnote = {Provided by the SAO/NASA Astrophysics Data System}
}

@ARTICLE{2013JCAP...03..040M,
       author = {{Minkevich}, A.~V. and {Garkun}, A.~S. and {Kudin}, V.~I.},
        title = "{On some physical aspects of isotropic cosmology in Riemann-Cartan spacetime}",
      journal = {Journal of Cosmology and Astro-Particle Physics},
     keywords = {General Relativity and Quantum Cosmology},
         year = "2013",
        month = "Mar",
       volume = {2013},
       number = {3},
          eid = {040},
        pages = {040},
          doi = {10.1088/1475-7516/2013/03/040},
archivePrefix = {arXiv},
       eprint = {1302.2578},
 primaryClass = {gr-qc},
       adsurl = {https://ui.adsabs.harvard.edu/abs/2013JCAP...03..040M},
      adsnote = {Provided by the SAO/NASA Astrophysics Data Sys}
}

@ARTICLE{2005NewAR..49...59P,
       author = {{Puetzfeld}, Dirk},
        title = "{Status of non-Riemannian cosmology}",
      journal = {nar},
     keywords = {General Relativity and Quantum Cosmology, Astrophysics},
         year = "2005",
        month = "May",
       volume = {49},
        pages = {59-64},
          doi = {10.1016/j.newar.2005.01.022},
archivePrefix = {arXiv},
       eprint = {gr-qc/0404119},
 primaryClass = {gr-qc},
       adsurl = {https://ui.adsabs.harvard.edu/abs/2005NewAR..49...59P},
      adsnote = {Provided by the SAO/NASA Astrophysics Data System}
}

@ARTICLE{2005gr.qc.....9014L,
       author = {{Lasenby}, A.~N. and {Doran}, C.~J.~L. and {Heineke}, R.},
        title = "{Analytic solutions to Riemann-squared gravity with background isotropic torsion}",
      journal = {arXiv e-prints},
     keywords = {General Relativity and Quantum Cosmology, Astrophysics},
         year = "2005",
        month = "Sep",
          eid = {gr-qc/0509014},
        pages = {gr-qc/0509014},
archivePrefix = {arXiv},
       eprint = {gr-qc/0509014},
 primaryClass = {gr-qc},
       adsurl = {https://ui.adsabs.harvard.edu/abs/2005gr.qc.....9014L},
      adsnote = {Provided by the SAO/NASA Astrophysics Data System}
}

@ARTICLE{2008PhRvD..78b3522S,
       author = {{Shie}, Kun-Feng and {Nester}, James M. and {Yo}, Hwei-Jang},
        title = "{Torsion cosmology and the accelerating universe}",
      journal = {\prd},
     keywords = {98.80.Jk, 04.50.-h, 98.80.Es, Mathematical and relativistic aspects of cosmology, Higher-dimensional gravity and other theories of gravity, Observational cosmology, General Relativity and Quantum Cosmology, Astrophysics},
         year = "2008",
        month = "Jul",
       volume = {78},
       number = {2},
          eid = {023522},
        pages = {023522},
          doi = {10.1103/PhysRevD.78.023522},
archivePrefix = {arXiv},
       eprint = {0805.3834},
 primaryClass = {gr-qc},
       adsurl = {https://ui.adsabs.harvard.edu/abs/2008PhRvD..78b3522S},
      adsnote = {Provided by the SAO/NASA Astrophysics Data System}
}

@ARTICLE{2009JCAP...10..027C,
       author = {{Chen}, Hsin and {Ho}, Fei-Hung and {Nester}, James M. and
         {Wang}, Chih-Hung and {Yo}, Hwei-Jang},
        title = "{Cosmological dynamics with propagating Lorentz connection modes of spin zero}",
      journal = {jcap},
     keywords = {General Relativity and Quantum Cosmology},
         year = "2009",
        month = "Oct",
       volume = {2009},
       number = {10},
          eid = {027},
        pages = {027},
          doi = {10.1088/1475-7516/2009/10/027},
archivePrefix = {arXiv},
       eprint = {0908.3323},
 primaryClass = {gr-qc},
       adsurl = {https://ui.adsabs.harvard.edu/abs/2009JCAP...10..027C},
      adsnote = {Provided by the SAO/NASA Astrophysics Data System}
}

@ARTICLE{2009PhRvD..79b7301L,
       author = {{Li}, Xin-Zhou and {Sun}, Chang-Bo and {Xi}, Ping},
        title = "{Torsion cosmological dynamics}",
      journal = {\prd},
     keywords = {98.80.-k, Cosmology, General Relativity and Quantum Cosmology},
         year = "2009",
        month = "Jan",
       volume = {79},
       number = {2},
          eid = {027301},
        pages = {027301},
          doi = {10.1103/PhysRevD.79.027301},
archivePrefix = {arXiv},
       eprint = {0903.3088},
 primaryClass = {gr-qc},
       adsurl = {https://ui.adsabs.harvard.edu/abs/2009PhRvD..79b7301L},
      adsnote = {Provided by the SAO/NASA Astrophysics Data Sys}

      }

@ARTICLE{2011PhRvD..83b4001B,
       author = {{Baekler}, Peter and {Hehl}, Friedrich W. and {Nester}, James M.},
        title = "{Poincar{\'e} gauge theory of gravity: Friedman cosmology with even and odd parity modes: Analytic part}",
      journal = {\prd},
     keywords = {04.50.Kd, 11.15.-q, 11.30.Er, 98.80.Jk, Modified theories of gravity, Gauge field theories, Charge conjugation parity time reversal and other discrete symmetries, Mathematical and relativistic aspects of cosmology, General Relativity and Quantum Cosmology, Astrophysics - Cosmology and Extragalactic Astrophysics, High Energy Physics - Theory},
         year = "2011",
        month = "Jan",
       volume = {83},
       number = {2},
          eid = {024001},
        pages = {024001},
          doi = {10.1103/PhysRevD.83.024001},
archivePrefix = {arXiv},
       eprint = {1009.5112},
 primaryClass = {gr-qc},
       adsurl = {https://ui.adsabs.harvard.edu/abs/2011PhRvD..83b4001B},
      adsnote = {Provided by the SAO/NASA Astrophysics Data System}
}

@INPROCEEDINGS{2011JPhCS.330a2005H,
       author = {{Ho}, Fei-Hung and {Nester}, James M.},
        title = "{Poincar{\'e} gauge theory with even and odd parity dynamic connection modes: isotropic Bianchi cosmological models}",
     keywords = {General Relativity and Quantum Cosmology, Astrophysics - Cosmology and Nongalactic Astrophysics},
    booktitle = {Journal of Physics Conference Series},
         year = "2011",
       series = {Journal of Physics Conference Series},
       volume = {330},
        month = "Dec",
          eid = {012005},
        pages = {012005},
          doi = {10.1088/1742-6596/330/1/012005},
archivePrefix = {arXiv},
       eprint = {1105.5001},
 primaryClass = {gr-qc},
       adsurl = {https://ui.adsabs.harvard.edu/abs/2011JPhCS.330a2005H},
      adsnote = {Provided by the SAO/NASA Astrophysics Data System}
}

@ARTICLE{2011IJMPD..20.2125H,
       author = {{Ho}, Fei-Hung and {Nester}, James M.},
        title = "{POINCAR{\'E} Gauge Theory with Coupled Even and Odd Parity Dynamic SPIN-0 Modes:. Dynamical Equations for Isotropic Bianchi Cosmologies}",
      journal = {International Journal of Modern Physics D},
     keywords = {Gravity, gauge theory, cosmology, parity},
         year = "2011",
        month = "Jan",
       volume = {20},
       number = {11},
        pages = {2125-2138},
          doi = {10.1142/S0218271811020391},
       adsurl = {https://ui.adsabs.harvard.edu/abs/2011IJMPD..20.2125H},
      adsnote = {Provided by the SAO/NASA Astrophysics Data System}
}

@ARTICLE{2011CQGra..28u5017B,
       author = {{Baekler}, Peter and {Hehl}, Friedrich W.},
        title = "{Beyond Einstein-Cartan gravity: quadratic torsion and curvature invariants with even and odd parity including all boundary terms}",
      journal = {Classical and Quantum Gravity},
     keywords = {General Relativity and Quantum Cosmology, Astrophysics - Cosmology and Nongalactic Astrophysics, High Energy Physics - Theory},
         year = "2011",
        month = "Nov",
       volume = {28},
       number = {21},
          eid = {215017},
        pages = {215017},
          doi = {10.1088/0264-9381/28/21/215017},
archivePrefix = {arXiv},
       eprint = {1105.3504},
 primaryClass = {gr-qc},
       adsurl = {https://ui.adsabs.harvard.edu/abs/2011CQGra..28u5017B},
      adsnote = {Provided by the SAO/NASA Astrophysics Data SyTICLE{2012JCAP...02..003A,
       author = {{Ao}, Xi-Chen and {Li}, Xin-Zhou},
        title = "{Torsion cosmology of Poincar{\'e} gauge theory and the constraints of its parameters via SNeIa data}",
      journal = {\jcap},
     keywords = {General Relativity and Quantum Cosmology},
         year = "2012",
        month = "Feb",
       volume = {2012},
       number = {2},
          eid = {003},
        pages = {003},
          doi = {10.1088/1475-7516/2012/02/003},
archivePrefix = {arXiv},
       eprint = {1111.2385},
 primaryClass = {gr-qc},
       adsurl = {https://ui.adsabs.harvard.edu/abs/2012JCAP...02..003A},
      adsnote = {Provided by the SAO/NASA Astrophysics Data System}
      }}}

@ARTICLE{2015arXiv151201202H,
       author = {{Ho}, Fei-Hung and {Chen}, Hsin and {Nester}, James M. and
         {Yo}, Hwei-Jang},
        title = "{General Poincar\textbackslash'e Gauge Theory Cosmology}",
      journal = {arXiv e-prints},
     keywords = {General Relativity and Quantum Cosmology},
         year = "2015",
        month = "Dec",
          eid = {arXiv:1512.01202},
        pages = {arXiv:1512.01202},
archivePrefix = {arXiv},
       eprint = {1512.01202},
 primaryClass = {gr-qc},
       adsurl = {https://ui.adsabs.harvard.edu/abs/2015arXiv151201202H},
      adsnote = {Provided by the SAO/NASA Astrophysics Data System}
}

@ARTICLE{2019arXiv190403545Z,
       author = {{Zhang}, Hongchao and {Xu}, Lixin},
        title = "{Late-time acceleration and inflation in a Poincar\textbackslash'e gauge cosmological model}",
      journal = {arXiv e-prints},
     keywords = {General Relativity and Quantum Cosmology},
         year = "2019",
        month = "Apr",
          eid = {arXiv:1904.03545},
        pages = {arXiv:1904.03545},
archivePrefix = {arXiv},
       eprint = {1904.03545},
 primaryClass = {gr-qc},
       adsurl = {https://ui.adsabs.harvard.edu/abs/2019arXiv190403545Z},
      adsnote = {Provided by the SAO/NASA Astrophysics Data System}
}

@ARTICLE{2013CQGra..30t5010C,
       author = {{Carloni}, Sante and {Vignolo}, Stefano and {Fabbri}, Luca},
        title = "{The dynamics of Bianchi I universes in R\^n cosmologies with torsion}",
      journal = {Classical and Quantum Gravity},
     keywords = {General Relativity and Quantum Cosmology},
         year = "2013",
        month = "Oct",
       volume = {30},
       number = {20},
          eid = {205010},
        pages = {205010},
          doi = {10.1088/0264-9381/30/20/205010},
archivePrefix = {arXiv},
       eprint = {1303.5828},
 primaryClass = {gr-qc},
       adsurl = {https://ui.adsabs.harvard.edu/abs/2013CQGra..30t5010C},
      adsnote = {Provided by the SAO/NASA Astrophysics Data System}
}



@ARTICLE{2019arXiv190604340Z,
       author = {{Zhang}, Hongchao and {Xu}, Lixin},
        title = "{Inflation in the general Poincar\textbackslash'e gauge cosmology}",
      journal = {arXiv e-prints},
     keywords = {General Relativity and Quantum Cosmology},
         year = "2019",
        month = "Jun",
          eid = {arXiv:1906.04340},
        pages = {arXiv:1906.04340},
archivePrefix = {arXiv},
       eprint = {1906.04340},
 primaryClass = {gr-qc},
       adsurl = {https://ui.adsabs.harvard.edu/abs/2019arXiv190604340Z},
      adsnote = {Provided by the SAO/NASA Astrophysics Data System}
}



